@article{dao2017bibliometric,
  title     = {A bibliometric analysis of Genetic Algorithms throughout the history},
  author    = {Dao, Son Duy and Abhary, Kazem and Marian, Romeo},
  journal   = {Computers \& Industrial Engineering},
  volume    = {110},
  pages     = {395--403},
  year      = {2017},
  publisher = {Elsevier}
}

@inproceedings{razali2011genetic,
  title        = {Genetic algorithm performance with different selection strategies in solving TSP},
  author       = {Razali, Noraini Mohd and Geraghty, John and others},
  booktitle    = {Proceedings of the world congress on engineering},
  volume       = {2},
  number       = {1},
  pages        = {1--6},
  year         = {2011},
  organization = {International Association of Engineers Hong Kong, China}
}

@article{deng2015improved,
  title     = {An improved genetic algorithm with initial population strategy for symmetric TSP},
  author    = {Deng, Yong and Liu, Yang and Zhou, Deyun},
  journal   = {Mathematical Problems in Engineering},
  volume    = {2015},
  year      = {2015},
  publisher = {Hindawi}
}

@article{helsgaun2000effective,
  title     = {An effective implementation of the Lin--Kernighan traveling salesman heuristic},
  author    = {Helsgaun, Keld},
  journal   = {European journal of operational research},
  volume    = {126},
  number    = {1},
  pages     = {106--130},
  year      = {2000},
  publisher = {Elsevier}
}

@article{huang2015proposed,
  title     = {A proposed iteration optimization approach integrating backpropagation neural network with genetic algorithm},
  author    = {Huang, Han-Xiong and Li, Jiong-Cheng and Xiao, Cheng-Long},
  journal   = {Expert Systems with Applications},
  volume    = {42},
  number    = {1},
  pages     = {146--155},
  year      = {2015},
  publisher = {Elsevier}
}

@inproceedings{braun1990solving,
  title        = {On solving travelling salesman problems by genetic algorithms},
  author       = {Braun, Heinrich},
  booktitle    = {International Conference on Parallel Problem Solving from Nature},
  pages        = {129--133},
  year         = {1990},
  organization = {Springer}
}

@incollection{moschovakis2001algorithm,
  title     = {What is an algorithm?},
  author    = {Moschovakis, Yiannis N},
  booktitle = {Mathematics unlimited—2001 and beyond},
  pages     = {919--936},
  year      = {2001},
  publisher = {Springer}
}

@article{hong2006management,
  title     = {Management of convergence networks and services: a report on APNOMS 2006},
  author    = {Hong, James Won-Ki and Kuriyama, Hiroshi and Kim, Young-Tak and Takano, Makoto},
  journal   = {Journal of Network and Systems Management},
  volume    = {14},
  number    = {4},
  pages     = {603--608},
  year      = {2006},
  publisher = {Springer}
}

@book{kirkland2010computer,
  title     = {Computer Science: Notable Research and Discoveries},
  author    = {Kirkland, Kyle},
  year      = {2010},
  publisher = {Infobase Publishing}
}

@book{wise2018gis,
  title     = {GIS basics},
  author    = {Wise, Stephen},
  year      = {2018},
  publisher = {CRC Press}
}

@article{henning2013graph,
  title     = {Graph and network theory: An applied approach using mathematica},
  author    = {Henning, Michael A and Van Vuuren, Jan H},
  journal   = {Preperation, Stellenbosch},
  year      = {2013},
  publisher = {Springer}
}

@incollection{goldberg1991comparative,
  title     = {A comparative analysis of selection schemes used in genetic algorithms},
  author    = {Goldberg, David E and Deb, Kalyanmoy},
  booktitle = {Foundations of genetic algorithms},
  volume    = {1},
  pages     = {69--93},
  year      = {1991},
  publisher = {Elsevier}
}

@article{zitzler1998evolutionary,
  title     = {An evolutionary algorithm for multiobjective optimization: The strength pareto approach},
  author    = {Zitzler, Eckart and Thiele, Lothar},
  journal   = {TIK-report},
  volume    = {43},
  year      = {1998},
  publisher = {Computer Engineering and Networks Laboratory (TIK), Swiss Federal Institute~…}
}